
    <!-- The prince and the pauper -->
    <record>
        <leader>01172aam a22003971i 4500</leader>
        <controlfield tag="001">020021730</controlfield>
        <controlfield tag="003">Uk</controlfield>
        <controlfield tag="005">20201207170058.0</controlfield>
        <controlfield tag="006">m    ||  d |      </controlfield>
        <controlfield tag="007">cr |||||||||||</controlfield>
        <controlfield tag="008">201123s2012    xxk||||go    |||| ||eng  </controlfield>
        <datafield tag="020" ind1=" " ind2=" ">
            <subfield code="a">0007477473</subfield>
            <subfield code="q">EPUB</subfield>
        </datafield>
        <datafield tag="020" ind1=" " ind2=" ">
            <subfield code="a">9780007477470</subfield>
            <subfield code="q">EPUB</subfield>
        </datafield>
        <datafield tag="037" ind1=" " ind2=" ">
            <subfield code="a">uk.co.harpercollins.078274</subfield>
            <subfield code="b">Ingram Content Group</subfield>
        </datafield>
        <datafield tag="082" ind1="0" ind2="4">
            <subfield code="a">813.4</subfield>
            <subfield code="2">22</subfield>
        </datafield>
        <datafield tag="100" ind1="1" ind2=" ">
            <subfield code="a">Twain, Mark,</subfield>
            <subfield code="d">1835-1910.</subfield>
            <subfield code="1">http://viaf.org/viaf/50566653</subfield>
            <subfield code="4">http://rdaregistry.info/Elements/w/object/P10061</subfield>
        </datafield>
        <datafield tag="240" ind1="1" ind2="4">
            <subfield code="a">The prince and the pauper</subfield>
            <subfield code="k">Novel</subfield>
            <subfield code="1">http://viaf.org/viaf/235238105</subfield>
        </datafield>
        <datafield tag="245" ind1="1" ind2="4">
            <subfield code="a">The prince and the pauper /</subfield>
            <subfield code="c">by Mark Twain.</subfield>
        </datafield>
        <datafield tag="264" ind1=" " ind2="1">
            <subfield code="a">London :</subfield>
            <subfield code="b">William Collins,</subfield>
            <subfield code="c">2012.</subfield>
        </datafield>
        <datafield tag="300" ind1=" " ind2=" ">
            <subfield code="a">1 online resource (272 pages).</subfield>
        </datafield>
        <datafield tag="336" ind1=" " ind2=" ">
            <subfield code="a">text</subfield>
            <subfield code="2">rdacontent</subfield>
            <subfield code="0">http://rdaregistry.info/termList/RDAContentType/1020</subfield>
        </datafield>
        <datafield tag="337" ind1=" " ind2=" ">
            <subfield code="a">computer</subfield>
            <subfield code="2">rdamedia</subfield>
            <subfield code="0">http://rdaregistry.info/termList/RDAMediaType/1003</subfield>
        </datafield>
        <datafield tag="338" ind1=" " ind2=" ">
            <subfield code="a">online resource</subfield>
            <subfield code="2">rdacarrier</subfield>
            <subfield code="0">http://rdaregistry.info/termList/RDACarrierType/1018</subfield>
        </datafield>
        <datafield tag="380" ind1=" " ind2=" ">
            <subfield code="a">Language-based work</subfield>
            <subfield code="2">rdacarrier</subfield>
            <subfield code="0">https://schema.nb.no/Bibliographic/Values/V1000</subfield>
        </datafield>
        <datafield tag="490" ind1="0" ind2=" ">
            <subfield code="a">Collins classics</subfield>
        </datafield>
    </record>