
    <record>
        <leader>01310nam a22003498i 4500</leader>
        <controlfield tag="001">016530864</controlfield>
        <controlfield tag="003">Uk</controlfield>
        <controlfield tag="005">20151127180000.0</controlfield>
        <controlfield tag="006">m||||||||d||||||||</controlfield>
        <controlfield tag="007">cr||||||||||||</controlfield>
        <controlfield tag="008">130917s2014    enk     o|    000 f eng|d</controlfield>
        <datafield tag="020" ind1=" " ind2=" ">
            <subfield code="a">9780857284990 (PDF ebook) :</subfield>
            <subfield code="c">£3.99</subfield>
        </datafield>
        <datafield tag="020" ind1=" " ind2=" ">
            <subfield code="a">9780857285997 (ePub ebook) :</subfield>
            <subfield code="c">£3.99</subfield>
        </datafield>
        <datafield tag="020" ind1=" " ind2=" ">
            <subfield code="a">9780857286192 (Mobipocket ebook) :</subfield>
            <subfield code="c">£3.99</subfield>
        </datafield>
        <datafield tag="082" ind1="0" ind2="4">
            <subfield code="a">813.4</subfield>
            <subfield code="2">23</subfield>
        </datafield>
        <datafield tag="100" ind1="1" ind2=" ">
            <subfield code="a">Twain, Mark,</subfield>
            <subfield code="d">1835-1910,</subfield>
            <subfield code="e">author.</subfield>
            <subfield code="1">http://viaf.org/viaf/50566653</subfield>
            <subfield code="4">http://rdaregistry.info/Elements/w/object/P10061</subfield>
        </datafield>
        <!-- <datafield tag="240" ind1="1" ind2="0">
            <subfield code="a">Novels.</subfield>
            <subfield code="k">Selections</subfield>
        </datafield>-->
        <datafield tag="240" ind1="0" ind2="0">
            <subfield code="a">Mark Twain</subfield>
            <subfield code="k">Novels</subfield>
            <subfield code="1">http://viaf.org/viaf/50566653/marktwainselectednovels</subfield>
        </datafield>
        <datafield tag="245" ind1="1" ind2="0">
            <subfield code="a">Mark Twain :</subfield>
            <subfield code="b">selected novels /</subfield>
            <subfield code="c">by Mark Twain ; introduction by Stephen Railton.</subfield>
        </datafield>
        <datafield tag="263" ind1=" " ind2=" ">
            <subfield code="a">201401</subfield>
        </datafield>
        <datafield tag="264" ind1=" " ind2="1">
            <subfield code="a">London :</subfield>
            <subfield code="b">Anthem Press,</subfield>
            <subfield code="c">2014.</subfield>
        </datafield>
        <datafield tag="300" ind1=" " ind2=" ">
            <subfield code="a">1 online resource</subfield>
        </datafield>
        <datafield tag="336" ind1=" " ind2=" ">
            <subfield code="a">text</subfield>
            <subfield code="2">rdacontent</subfield>
            <subfield code="0">http://rdaregistry.info/termList/RDAContentType/1020</subfield>
        </datafield>
        <datafield tag="337" ind1=" " ind2=" ">
            <subfield code="a">computer</subfield>
            <subfield code="2">rdamedia</subfield>
            <subfield code="0">http://rdaregistry.info/termList/RDAMediaType/1003</subfield>
        </datafield>
        <datafield tag="338" ind1=" " ind2=" ">
            <subfield code="a">online resource</subfield>
            <subfield code="2">rdacarrier</subfield>
            <subfield code="0">http://rdaregistry.info/termList/RDACarrierType/1018</subfield>
        </datafield>
        <datafield tag="380" ind1=" " ind2=" ">
            <subfield code="a">Language-based work</subfield>
            <subfield code="2">rdacarrier</subfield>
            <subfield code="0">https://schema.nb.no/Bibliographic/Values/V1000</subfield>
        </datafield>
        <datafield tag="505" ind1="0" ind2=" ">
            <subfield code="a">The adventures of Tom Sawyer -- Adventures of Huckleberry Finn -- Tom Sawyer abroad -- Tomy Sawyer, detective</subfield>
        </datafield>
        <datafield tag="588" ind1=" " ind2=" ">
            <subfield code="a">Description based on CIP data; resource not viewed.</subfield>
        </datafield>
        <datafield tag="700" ind1="1" ind2="2">
            <subfield code="a">Twain, Mark,</subfield>
            <subfield code="d">1835-1910.</subfield>
        </datafield>
        <datafield tag="700" ind1="1" ind2="2">
            <subfield code="a">Twain, Mark,</subfield>
            <subfield code="d">1835-1910.</subfield>
            <subfield code="t">The adventures of Huckleberry Finn.</subfield>
            <subfield code="k">Novel</subfield>
            <subfield code="1">http://viaf.org/viaf/178806136</subfield>
        </datafield>
        <datafield tag="700" ind1="1" ind2="2">
            <subfield code="a">Twain, Mark,</subfield>
            <subfield code="d">1835-1910.</subfield>
            <subfield code="t">The adventures of Tom Sawyer.</subfield>
            <subfield code="k">Novel</subfield>
            <subfield code="1">http://viaf.org/viaf/178211495</subfield>
        </datafield>
        <datafield tag="700" ind1="1" ind2="2">
            <subfield code="a">Twain, Mark,</subfield>
            <subfield code="d">1835-1910.</subfield>
            <subfield code="t">Tom Sawyer abroad</subfield>
            <subfield code="k">Novel</subfield>
            <subfield code="1">http://viaf.org/viaf/310534325</subfield>
        </datafield>
        <datafield tag="700" ind1="1" ind2="2">
            <subfield code="a">Twain, Mark,</subfield>
            <subfield code="d">1835-1910.</subfield>
            <subfield code="t">Tom Sawyer, detective</subfield>
            <subfield code="k">Novel</subfield>
            <subfield code="1">http://viaf.org/viaf/174762947</subfield>
        </datafield>
        
    </record>