
    <record>
        <leader>01458cam a2200325 a 4500</leader>
        <controlfield tag="001">15031529</controlfield>
        <controlfield tag="003">LC</controlfield>
        <controlfield tag="005">20071012173627.0</controlfield>
        <controlfield tag="008">071002s2007    nyu           000 1 eng  </controlfield>
        <datafield tag="010" ind1=" " ind2=" ">
            <subfield code="a">  2007278212</subfield>
        </datafield>
        <datafield tag="020" ind1=" " ind2=" ">
            <subfield code="a">0451530551 (pbk.)</subfield>
        </datafield>
        <datafield tag="020" ind1=" " ind2=" ">
            <subfield code="a">9780451530554 (pbk.)</subfield>
        </datafield>
        <datafield tag="082" ind1="0" ind2="0">
            <subfield code="a">813/.3/08</subfield>
        </datafield>
        <datafield tag="240" ind1="0" ind2="0">
            <subfield code="a">4 classic American novels</subfield>
            <subfield code="k">Novels</subfield>
            <subfield code="1">http://viaf.org/viaf/50566653/4classicalamericannovels</subfield>
        </datafield>
        <datafield tag="245" ind1="0" ind2="0">
            <subfield code="a">4 classic American novels /</subfield>
            <subfield code="c">with a new introduction by Sandra Newman.</subfield>
        </datafield>
        <datafield tag="246" ind1="1" ind2="4">
            <subfield code="a">Four classic American novels</subfield>
        </datafield>
        <datafield tag="260" ind1=" " ind2=" ">
            <subfield code="a">New York :</subfield>
            <subfield code="b">Signet Classics/New American Library,</subfield>
            <subfield code="c">2007.</subfield>
        </datafield>
        <datafield tag="300" ind1=" " ind2=" ">
            <subfield code="a">xiii, 226, 291, 130, 90 p. ;</subfield>
            <subfield code="c">18 cm.</subfield>
        </datafield>
        <datafield tag="336" ind1=" " ind2=" ">
            <subfield code="a">text</subfield>
            <subfield code="2">rdacontent</subfield>
            <subfield code="0">http://rdaregistry.info/termList/RDAContentType/1020</subfield>
        </datafield>
        <datafield tag="337" ind1=" " ind2=" ">
            <subfield code="a">unmediated</subfield>
            <subfield code="2">rdamedia</subfield>
            <subfield code="0">http://rdaregistry.info/termList/RDAMediaType/1007</subfield>
        </datafield>
        <datafield tag="338" ind1=" " ind2=" ">
            <subfield code="a">volume</subfield>
            <subfield code="2">rdacarrier</subfield>
            <subfield code="0">http://rdaregistry.info/termList/RDACarrierType/1049</subfield>
        </datafield>
        <datafield tag="380" ind1=" " ind2=" ">
            <subfield code="a">Language-based work</subfield>
            <subfield code="2">rdacarrier</subfield>
            <subfield code="0">https://schema.nb.no/Bibliographic/Values/V1000</subfield>
        </datafield>
        <datafield tag="505" ind1="0" ind2=" ">
            <subfield code="a">The scarlet letter / Nathaniel Hawthorne -- Adventures of Huckleberry Finn / Mark Twain -- The red badge of courage / Stephen Crane -- Billy Budd / Herman Melville.</subfield>
        </datafield>
        <datafield tag="700" ind1="1" ind2=" ">
            <subfield code="a">Newman, Sandra,</subfield>
            <subfield code="d">1965-</subfield>
            <subfield code="1">http://viaf.org/viaf/51046953</subfield>
            <subfield code="4">http://rdaregistry.info/Elements/m/object/P30328</subfield>
        </datafield>
        <datafield tag="700" ind1="1" ind2=" ">
            <subfield code="a">Crane, Stephen,</subfield>
            <subfield code="d">1871-1900.</subfield>
            <subfield code="1">http://viaf.org/viaf/100175928</subfield>
            <subfield code="4">http://rdaregistry.info/Elements/w/object/P10061</subfield>
            <subfield code="8">1/c</subfield>
        </datafield>
        <datafield tag="700" ind1="1" ind2="2">
            <subfield code="a">Crane, Stephen,</subfield>
            <subfield code="d">1871-1900.</subfield>
            <subfield code="t">Red badge of courage.</subfield>
            <subfield code="k">Novel</subfield>
            <subfield code="1">http://viaf.org/viaf/181799290</subfield>
            <subfield code="8">1/c</subfield>
        </datafield>
        <datafield tag="700" ind1="1" ind2=" ">
            <subfield code="a">Hawthorne, Nathaniel,</subfield>
            <subfield code="d">1804-1864.</subfield>
            <subfield code="1">http://viaf.org/viaf/44435463</subfield>
            <subfield code="4">http://rdaregistry.info/Elements/w/object/P10061</subfield>
            <subfield code="8">2/c</subfield>
        </datafield>
        <datafield tag="700" ind1="1" ind2="2">
            <subfield code="a">Hawthorne, Nathaniel,</subfield>
            <subfield code="d">1804-1864.</subfield>
            <subfield code="t">Scarlet letter.</subfield>
            <subfield code="k">Novel</subfield>
            <subfield code="1">http://viaf.org/viaf/182657402</subfield>
            <subfield code="8">2/c</subfield>
        </datafield>
        <datafield tag="700" ind1="1" ind2=" ">
            <subfield code="a">Melville, Herman,</subfield>
            <subfield code="d">1819-1891.</subfield>
            <subfield code="1">http://viaf.org/viaf/27068555</subfield>
            <subfield code="4">http://rdaregistry.info/Elements/w/object/P10061</subfield>
            <subfield code="8">3/c</subfield>
        </datafield>
        <datafield tag="700" ind1="1" ind2="2">
            <subfield code="a">Melville, Herman,</subfield>
            <subfield code="d">1819-1891.</subfield>
            <subfield code="t">Billy Budd.</subfield>
            <subfield code="k">Novel</subfield>
            <subfield code="1">http://viaf.org/viaf/5357147270653335700002</subfield>
            <subfield code="8">3/c</subfield>
        </datafield>
        <datafield tag="700" ind1="1" ind2="2">
            <subfield code="a">Twain, Mark,</subfield>
            <subfield code="d">1835-1910.</subfield>
            <subfield code="t">The adventures of Huckleberry Finn.</subfield>
            <subfield code="k">Novel</subfield>
            <subfield code="1">http://viaf.org/viaf/178806136</subfield>
        </datafield>
    </record>