
    <record>
        <leader>01555nam a22003498i 4500</leader>
        <controlfield tag="001">018345377</controlfield>
        <controlfield tag="003">Uk</controlfield>
        <controlfield tag="005">20170516170800.0</controlfield>
        <controlfield tag="006">m||||||||d||||||||</controlfield>
        <controlfield tag="007">cr |||||||||||</controlfield>
        <controlfield tag="008">170511s2017    nyu     o     000|f|eng|d</controlfield>
        <datafield tag="020" ind1=" " ind2=" ">
            <subfield code="a">9781504045643 (ebook) :</subfield>
            <subfield code="c">£2.99</subfield>
        </datafield>
        <datafield tag="082" ind1="0" ind2="4">
            <subfield code="a">823.08762080912</subfield>
            <subfield code="2">23</subfield>
        </datafield>
        <datafield tag="240" ind1="0" ind2="0">
            <subfield code="a">Journeys through time &amp; space</subfield>
            <subfield code="k">Novels</subfield>
            <subfield code="1">http://viaf.org/viaf/50566653/journeysthroughtimeandspace</subfield>
        </datafield>
        <datafield tag="245" ind1="0" ind2="0">
            <subfield code="a">Journeys through time &amp; space :</subfield>
            <subfield code="b">5 classic novels of science fiction and fantasy /</subfield>
            <subfield code="c">H.G. Wells, E.R. Eddison, David Lindsay, Edgar R. Burroughs, Mark Twain ; edited by Greg Bear.</subfield>
        </datafield>
        <datafield tag="263" ind1=" " ind2=" ">
            <subfield code="a">201705</subfield>
        </datafield>
        <datafield tag="264" ind1=" " ind2="1">
            <subfield code="a">New York :</subfield>
            <subfield code="b">Open Road Media,</subfield>
            <subfield code="c">2017.</subfield>
        </datafield>
        <datafield tag="300" ind1=" " ind2=" ">
            <subfield code="a">1 online resource</subfield>
        </datafield>
        <datafield tag="336" ind1=" " ind2=" ">
            <subfield code="a">text</subfield>
            <subfield code="2">rdacontent</subfield>
            <subfield code="0">http://rdaregistry.info/termList/RDAContentType/1020</subfield>
        </datafield>
        <datafield tag="337" ind1=" " ind2=" ">
            <subfield code="a">computer</subfield>
            <subfield code="2">rdamedia</subfield>
            <subfield code="0">http://rdaregistry.info/termList/RDAMediaType/1003</subfield>
        </datafield>
        <datafield tag="338" ind1=" " ind2=" ">
            <subfield code="a">online resource</subfield>
            <subfield code="2">rdacarrier</subfield>
            <subfield code="0">http://rdaregistry.info/termList/RDACarrierType/1018</subfield>
        </datafield>
        <datafield tag="380" ind1=" " ind2=" ">
            <subfield code="a">Language-based work</subfield>
            <subfield code="2">rdacarrier</subfield>
            <subfield code="0">https://schema.nb.no/Bibliographic/Values/V1000</subfield>
        </datafield>
        <datafield tag="505" ind1="0" ind2=" ">
            <subfield code="a">Time Machine / H.G. Wells -- Worm ouroboros / E.R. Eddison -- Voyage to Arcturus / David Lindsay -- Princess of Mars / Edgar R. Burroughs -- Connecticut Yankee in King Arthur's court / Mark Twain.</subfield>
        </datafield>
        <datafield tag="588" ind1=" " ind2=" ">
            <subfield code="a">Description based on CIP data; resource not viewed.</subfield>
        </datafield>
        <datafield tag="700" ind1="1" ind2=" ">
            <subfield code="a">Bear, Greg,</subfield>
            <subfield code="d">1951-</subfield>
            <subfield code="e">editor.</subfield>
            <subfield code="1">Bear, Greg</subfield>
            <subfield code="4">http://rdaregistry.info/Elements/m/object/P30267</subfield>
        </datafield>
        <datafield tag="700" ind1="1" ind2=" ">
            <subfield code="a">Burroughs, Edgar Rice,</subfield>
            <subfield code="d">1875-1950.</subfield>
            <subfield code="1">http://viaf.org/viaf/17220001</subfield>
            <subfield code="4">http://rdaregistry.info/Elements/w/object/P10061</subfield>
            <subfield code="8">1/c</subfield>
        </datafield>
        <datafield tag="700" ind1="1" ind2="2">
            <subfield code="a">Burroughs, Edgar Rice,</subfield>
            <subfield code="d">1875-1950.</subfield>
            <subfield code="t">Princess of Mars.</subfield>
            <subfield code="k">Novel</subfield>
            <subfield code="1">http://viaf.org/viaf/309258253</subfield>
            <subfield code="8">1/c</subfield>
        </datafield>
        <datafield tag="700" ind1="1" ind2=" ">
            <subfield code="a">Eddison, Eric Rücker,</subfield>
            <subfield code="d">1882-1945.</subfield>
            <subfield code="1">http://viaf.org/viaf/49205550</subfield>
            <subfield code="4">http://rdaregistry.info/Elements/w/object/P10061</subfield>
            <subfield code="8">2/c</subfield>
        </datafield>
        <datafield tag="700" ind1="1" ind2="2">
            <subfield code="a">Eddison, Eric Rücker,</subfield>
            <subfield code="d">1882-1945.</subfield>
            <subfield code="t">Worm ouroboros.</subfield>
            <subfield code="k">Novel</subfield>
            <subfield code="1">http://viaf.org/viaf/309258431</subfield>
            <subfield code="8">2/c</subfield>
        </datafield>
        <datafield tag="700" ind1="1" ind2=" ">
            <subfield code="a">Lindsay, David,</subfield>
            <subfield code="d">1876-1945.</subfield>
            <subfield code="1">http://viaf.org/viaf/67278926</subfield>
            <subfield code="4">http://rdaregistry.info/Elements/w/object/P10061</subfield>
            <subfield code="8">3/c</subfield>
        </datafield>
        <datafield tag="700" ind1="1" ind2="2">
            <subfield code="a">Lindsay, David,</subfield>
            <subfield code="d">1876-1945.</subfield>
            <subfield code="t">Voyage to Arcturus.</subfield>
            <subfield code="k">Novel</subfield>
            <subfield code="1">http://viaf.org/viaf/8459151051841033530006</subfield>
            <subfield code="8">3/c</subfield>
        </datafield>
        <datafield tag="700" ind1="1" ind2="2">
            <subfield code="a">Twain, Mark,</subfield>
            <subfield code="d">1835-1910.</subfield>
            <subfield code="t">A Connecticut Yankee in King Arthur's court</subfield>
            <subfield code="k">Novel</subfield>
            <subfield code="1">http://viaf.org/viaf/176284998</subfield>
        </datafield>
        <datafield tag="700" ind1="1" ind2=" ">
            <subfield code="a">Wells, H. G.</subfield>
            <subfield code="q">(Herbert George),</subfield>
            <subfield code="d">1866-1946.</subfield>
            <subfield code="1">http://viaf.org/viaf/97006424</subfield>
            <subfield code="4">http://rdaregistry.info/Elements/w/object/P10061</subfield>
            <subfield code="8">4/c</subfield>
        </datafield>
        <datafield tag="700" ind1="1" ind2="2">
            <subfield code="a">Wells, H. G.</subfield>
            <subfield code="q">(Herbert George),</subfield>
            <subfield code="d">1866-1946.</subfield>
            <subfield code="t">Time machine.</subfield>
            <subfield code="k">Novel</subfield>
            <subfield code="1">http://viaf.org/viaf/306075793</subfield>
            <subfield code="8">4/c</subfield>
        </datafield>
    </record>