
    <!-- short stories -->
    <record>
        <leader>03236cam a22005295i 4500</leader>
        <controlfield tag="001">22316251</controlfield>
        <controlfield tag="003">LC</controlfield>
        <controlfield tag="005">20211119075040.0</controlfield>
        <controlfield tag="008">211119s2019    enk    e      000 1 eng  </controlfield>
        <datafield tag="010" ind1=" " ind2=" ">
            <subfield code="a">  2021425245</subfield>
        </datafield>
        <datafield tag="020" ind1=" " ind2=" ">
            <subfield code="a">1782275959 (paperback)</subfield>
        </datafield>
        <datafield tag="020" ind1=" " ind2=" ">
            <subfield code="a">9781782275954 (paperback)</subfield>
        </datafield>
        <datafield tag="082" ind1="0" ind2="4">
            <subfield code="a">813.087308</subfield>
            <subfield code="2">23</subfield>
        </datafield>
        <datafield tag="240" ind1="0" ind2="0">
            <subfield code="a">American midnight : tales of the dark</subfield>
            <subfield code="k">Short stories</subfield>
            <subfield code="1">http://viaf.org/viaf/14907223/americanmidnight</subfield>
        </datafield>
        <datafield tag="245" ind1="0" ind2="0">
            <subfield code="a">American midnight :</subfield>
            <subfield code="b">tales of the dark /</subfield>
            <subfield code="c">selected and introduced by Laird Hunt.</subfield>
        </datafield>
        <datafield tag="264" ind1=" " ind2="1">
            <subfield code="a">London :</subfield>
            <subfield code="b">Pushkin Press,</subfield>
            <subfield code="c">2019.</subfield>
        </datafield>
        <datafield tag="264" ind1=" " ind2="4">
            <subfield code="c">©2019.</subfield>
        </datafield>
        <datafield tag="300" ind1=" " ind2=" ">
            <subfield code="a">220 pages ;</subfield>
            <subfield code="c">17 cm.</subfield>
        </datafield>
        <datafield tag="336" ind1=" " ind2=" ">
            <subfield code="a">text</subfield>
            <subfield code="2">rdacontent</subfield>
            <subfield code="0">http://rdaregistry.info/termList/RDAContentType/1020</subfield>
        </datafield>
        <datafield tag="337" ind1=" " ind2=" ">
            <subfield code="a">unmediated</subfield>
            <subfield code="2">rdamedia</subfield>
            <subfield code="0">http://rdaregistry.info/termList/RDAMediaType/1007</subfield>
        </datafield>
        <datafield tag="338" ind1=" " ind2=" ">
            <subfield code="a">volume</subfield>
            <subfield code="2">rdacarrier</subfield>
            <subfield code="0">http://rdaregistry.info/termList/RDACarrierType/1049</subfield>
        </datafield>
        <datafield tag="380" ind1=" " ind2=" ">
            <subfield code="a">Language-based work</subfield>
            <subfield code="2">rdacarrier</subfield>
            <subfield code="0">https://schema.nb.no/Bibliographic/Values/V1000</subfield>
        </datafield>
        <datafield tag="505" ind1="0" ind2="0"> 
            <subfield code="a">Introduction -- The masque of the red death / Edgar Allan Poe -- Young Goodman Brown / Nathaniel Hawthorne -- The eyes / Edith Wharton -- The mask / Robert W. Chambers -- Home / Shirley Jackson -- A ghost story / Mark Twain -- Spunk / Zora Neale Hurston -- The yellow wallpaper / Charlotte Perkins Gilman -- An itinerant house / Emma Frances Dawson.</subfield>
            <subfield code="g">Introduction --</subfield>
            <subfield code="t">The masque of the red death /</subfield>
            <subfield code="r">Edgar Allan Poe --</subfield>
            <subfield code="t">Young Goodman Brown /</subfield>
            <subfield code="r">Nathaniel Hawthorne --</subfield>
            <subfield code="t">The eyes /</subfield>
            <subfield code="r">Edith Wharton --</subfield>
            <subfield code="t">The mask /</subfield>
            <subfield code="r">Robert W. Chambers --</subfield>
            <subfield code="t">Home /</subfield>
            <subfield code="r">Shirley Jackson --</subfield>
            <subfield code="t">A ghost story /</subfield>
            <subfield code="r">Mark Twain --</subfield>
            <subfield code="t">Spunk /</subfield>
            <subfield code="r">Zora Neale Hurston --</subfield>
            <subfield code="t">The yellow wallpaper /</subfield>
            <subfield code="r">Charlotte Perkins Gilman --</subfield>
            <subfield code="t">An itinerant house /</subfield>
            <subfield code="r">Emma Frances Dawson.</subfield>
        </datafield>
        <datafield tag="520" ind1=" " ind2=" ">
            <subfield code="a">A masquerade ball cut short by a mysterious plague, a strange nocturnal ritual in the woods, a black bobcat howling in the night: these ten tales are some of the most strange and unsettling in all of American literature, filled with unforgettable imagery and simmering with tension. From Edgar Allan Poe to Shirley Jackson, Nathaniel Hawthorne to Zora Neale Hurston, the authors of these classics of supernatural suspense have inspired generations of writers to explore the dark heart of the land of the free. The stories in this collection have been selected and introduced by Laird Hunt, an author of seven acclaimed novels which explore the shadowy corners of American history.</subfield>
        </datafield>
        <datafield tag="700" ind1="1" ind2=" ">
            <subfield code="a">Hunt, Laird,</subfield>
            <subfield code="e">editor,</subfield>
            <subfield code="e">author of introduction, etc.</subfield>
            <subfield code="1">http://viaf.org/viaf/14907223</subfield>
            <subfield code="4">http://rdaregistry.info/Elements/m/object/P30267</subfield>
            <subfield code="4">http://rdaregistry.info/Elements/m/object/P30328</subfield>
        </datafield>
        
        <!-- 1 -->
        <datafield tag="700" ind1="1" ind2=" ">
            <subfield code="a">Poe, Edgar Allan,</subfield>
            <subfield code="d">1809-1849.</subfield>
            <subfield code="1">http://viaf.org/viaf/60351476</subfield>
            <subfield code="4">http://rdaregistry.info/Elements/w/object/P10061</subfield>
            <subfield code="8">1/c</subfield>
        </datafield>
        <datafield tag="700" ind1="1" ind2="2">
            <subfield code="a">Poe, Edgar Allan,</subfield>
            <subfield code="d">1809-1849.</subfield>
            <subfield code="t">Masque of the red death.</subfield>
            <subfield code="k">Short story</subfield>
            <subfield code="i">Container of (work) :</subfield>
            <subfield code="1">http://viaf.org/viaf/177620548</subfield>
            <subfield code="8">1/c</subfield>
        </datafield>

        <!-- 2 -->
        <datafield tag="700" ind1="1" ind2=" ">
            <subfield code="a">Hawthorne, Nathaniel,</subfield>
            <subfield code="d">1804-1864.</subfield>
            <subfield code="1">http://viaf.org/viaf/44435463</subfield>
            <subfield code="4">http://rdaregistry.info/Elements/w/object/P10061</subfield>
            <subfield code="8">2/c</subfield>
        </datafield>
        <datafield tag="700" ind1="1" ind2="2">
            <subfield code="a">Hawthorne, Nathaniel,</subfield>
            <subfield code="d">1804-1864.</subfield>
            <subfield code="t">Young Goodman Brown.</subfield>
            <subfield code="k">Short story</subfield>
            <subfield code="i">Container of (work) :</subfield>
            <subfield code="1">http://viaf.org/viaf/185973459</subfield>
            <subfield code="8">2/c</subfield>
        </datafield>
        
        <!-- 3 -->
        <datafield tag="700" ind1="1" ind2=" ">
            <subfield code="a">Wharton, Edith,</subfield>
            <subfield code="d">1862-1937.</subfield>
            <subfield code="1">http://viaf.org/viaf/17230986</subfield>
            <subfield code="4">http://rdaregistry.info/Elements/w/object/P10061</subfield>
            <subfield code="8">3/c</subfield>
        </datafield>
        <datafield tag="700" ind1="1" ind2="2">
            <subfield code="a">Wharton, Edith,</subfield>
            <subfield code="d">1862-1937.</subfield>
            <subfield code="t">Eyes.</subfield>
            <subfield code="k">Short story</subfield>
            <subfield code="i">Container of (work) :</subfield>
            <subfield code="1">http://viaf.org/viaf/17230986/eyes</subfield>
            <subfield code="8">3/c</subfield>
        </datafield>
        
        <!-- 4 -->
        <datafield tag="700" ind1="1" ind2=" ">
            <subfield code="a">Chambers, Robert W.</subfield>
            <subfield code="q">(Robert William),</subfield>
            <subfield code="d">1865-1933.</subfield>
            <subfield code="1">http://viaf.org/viaf/14767483</subfield>
            <subfield code="4">http://rdaregistry.info/Elements/w/object/P10061</subfield>
            <subfield code="8">4/c</subfield>
        </datafield>
        <datafield tag="700" ind1="1" ind2="2">
            <subfield code="a">Chambers, Robert W.</subfield>
            <subfield code="q">(Robert William),</subfield>
            <subfield code="d">1865-1933.</subfield>
            <subfield code="t">Mask</subfield>
            <subfield code="k">Short story</subfield>
            <subfield code="i">Container of (work) :</subfield>
            <subfield code="1">http://viaf.org/viaf/14767483/mask</subfield>
            <subfield code="8">4/c</subfield>
        </datafield>
        
        <!-- 5 -->
        <datafield tag="700" ind1="1" ind2=" ">
            <subfield code="a">Jackson, Shirley,</subfield>
            <subfield code="d">1916-1965.</subfield>
            <subfield code="1">http://viaf.org/viaf/91864979</subfield>
            <subfield code="4">http://rdaregistry.info/Elements/w/object/P10061</subfield>
            <subfield code="8">5/c</subfield>
        </datafield>
        <datafield tag="700" ind1="1" ind2="2">
            <subfield code="a">Jackson, Shirley,</subfield>
            <subfield code="d">1916-1965.</subfield>
            <subfield code="t">Home.</subfield>
            <subfield code="k">Short story</subfield>
            <subfield code="i">Container of (work) :</subfield>
            <subfield code="1">http://viaf.org/viaf/91864979/home</subfield>
            <subfield code="8">5/c</subfield>
        </datafield>
        
        <!-- 6 -->
        <datafield tag="700" ind1="1" ind2=" ">
            <subfield code="a">Twain, Mark,</subfield>
            <subfield code="d">1835-1910.</subfield>
            <subfield code="1">http://viaf.org/viaf/50566653</subfield>
            <subfield code="4">http://rdaregistry.info/Elements/w/object/P10061</subfield>
            <subfield code="8">6/c</subfield>
        </datafield>
        <datafield tag="700" ind1="1" ind2="2">
            <subfield code="a">Twain, Mark,</subfield>
            <subfield code="d">1835-1910.</subfield>
            <subfield code="t">Ghost story.</subfield>
            <subfield code="k">Short story</subfield>
            <subfield code="i">Container of (work) :</subfield>
            <subfield code="1">http://viaf.org/viaf/7569159477789427990001</subfield>
            <subfield code="8">6/c</subfield>
        </datafield>
        
        <!-- 7 -->
        <datafield tag="700" ind1="1" ind2=" ">
            <subfield code="a">Hurston, Zora Neale.</subfield>
            <subfield code="1">http://viaf.org/viaf/62824341</subfield>
            <subfield code="4">http://rdaregistry.info/Elements/w/object/P10061</subfield>
            <subfield code="8">7/c</subfield>
        </datafield>
        <datafield tag="700" ind1="1" ind2=" ">
            <subfield code="a">Hurston, Zora Neale.</subfield>
            <subfield code="t">Spunk</subfield>
            <subfield code="i">Container of (work) :</subfield>
            <subfield code="k">Short story</subfield>
            <subfield code="1">http://viaf.org/viaf/62824341/spunk</subfield>
            <subfield code="8">7/c</subfield>
        </datafield>

        <!-- 8 -->
        <datafield tag="700" ind1="1" ind2=" ">
            <subfield code="a">Gilman, Charlotte Perkins,</subfield>
            <subfield code="d">1860-1935.</subfield>
            <subfield code="1">http://viaf.org/viaf/59083135</subfield>
            <subfield code="4">http://rdaregistry.info/Elements/w/object/P10061</subfield>
            <subfield code="8">8/c</subfield>
        </datafield>
        <datafield tag="700" ind1="1" ind2="2">
            <subfield code="a">Gilman, Charlotte Perkins,</subfield>
            <subfield code="d">1860-1935.</subfield>
            <subfield code="t">Yellow wallpaper.</subfield>
            <subfield code="k">Short story</subfield>
            <subfield code="i">Container of (work) :</subfield>
            <subfield code="1">http://viaf.org/viaf/59083135/yellowwallpaper</subfield>
            <subfield code="8">8/c</subfield>
        </datafield>
        
        <!-- 9 -->
        <datafield tag="700" ind1="1" ind2=" ">
            <subfield code="a">Dawson, Emma Frances.</subfield>
            <subfield code="1">http://viaf.org/viaf/270703833</subfield>
            <subfield code="4">http://rdaregistry.info/Elements/w/object/P10061</subfield>
            <subfield code="8">9/c</subfield>
        </datafield>
        <datafield tag="700" ind1="1" ind2="2">
            <subfield code="a">Dawson, Emma Frances.</subfield>
            <subfield code="t">Itinerant house.</subfield>
            <subfield code="k">Short story</subfield>
            <subfield code="i">Container of (work) :</subfield>
            <subfield code="1">http://viaf.org/viaf/270703833/itineranthouse</subfield>
            <subfield code="8">9/c</subfield>
        </datafield>
    </record>